<record xmlns:xsi="http://www.w3.org/2001/XMLSchema-instance" xmlns="http://www.loc.gov/MARC21/slim" xsi:schemaLocation="http://www.loc.gov/MARC21/slim http://www.loc.gov/standards/marcxml/schema/MARC21slim.xsd">

  <leader>00649nam a2200169Ia 4500</leader>
  <datafield ind2=" " ind1=" " tag="999">
    <subfield code="c">2047</subfield>
    <subfield code="d">2047</subfield>
  </datafield>
  <controlfield tag="008">180904b2001    cr ||||| |||| 00| | spa d</controlfield>
  <datafield ind1=" " ind2=" " tag="090">
    <subfield code="a">12.04.01 </subfield>
    <subfield code="b">326 </subfield>
  </datafield>
  <datafield tag="100" ind1=" " ind2=" ">
    <subfield code="a">Castillo Santamaría, Luis Alberto</subfield>
    <subfield code="9">4176</subfield>
  </datafield>
  <datafield ind1="1" ind2="0" tag="245">
    <subfield code="a">Propuesta de una estructura organizacional para el aula virtual en el Instituto Tecnológico de Costa Rica / </subfield>
    <subfield code="c">Luis Alberto Castillo Santamaría</subfield>
  </datafield>
  <datafield tag="260" ind2=" " ind1=" ">
    <subfield code="a">San José, Costa Rica : </subfield>
    <subfield code="b">L.Castillo S., </subfield>
    <subfield code="c">2001</subfield>
  </datafield>
  <datafield ind1=" " ind2=" " tag="300">
    <subfield code="a">200 páginas</subfield>
  </datafield>
  <datafield tag="500" ind2=" " ind1=" ">
    <subfield code="a">(Material perdido)</subfield>
  </datafield>
  <datafield ind1=" " ind2="4" tag="610">
    <subfield code="a">INSTITUTO TECNOLÓGICO DE COSTA RICA </subfield>
    <subfield code="9">582</subfield>
  </datafield>
  <datafield tag="650" ind2="4" ind1="1">
    <subfield code="a">ADMINISTRACIÓN ESCOLAR</subfield>
    <subfield code="9">305</subfield>
  </datafield>
  <datafield ind2="4" ind1="1" tag="650">
    <subfield code="a">EDUCACIÓN SUPERIOR</subfield>
    <subfield code="9">8</subfield>
  </datafield>
  <datafield tag="942" ind2=" " ind1=" ">
    <subfield code="2">z</subfield>
    <subfield code="c">01</subfield>
  </datafield>
</record>